@PHDTHESIS {Svinkin_thesis,
    author = "Свинкин, Д. С.",
    title  = "Наблюдения коротких гамма-всплесков в эксперименте Конус-Винд",
    school = "Федеральное Государственное Бюджетное Учреждение Науки Физико-Технический Институт им. А. Ф. Иоффе Российской Академии Наук",
    year   = "2016"
}